<collection>
	<record>
		<leader>00407nam 2200145z 4500</leader>
		<controlfield tag="003">InU</controlfield>
		<controlfield tag="008">110630n xx | u||| ||               und u</controlfield>
		<datafield tag="020" ind1=" " ind2=" ">
			<subfield code="a">9780748636358</subfield>
			<subfield code="b">221175</subfield>
		</datafield>
		<datafield tag="100" ind1=" " ind2=" ">
			<subfield code="a">WHONG, MELINDA</subfield>
			<subfield code="b">WHONG</subfield>
			<subfield code="c">MELINDA</subfield>
		</datafield>
		<datafield tag="100" ind1=" " ind2=" ">
			<subfield code="a">narsimha reddy</subfield>
		</datafield>
		<datafield tag="100" ind1=" " ind2=" ">
			<subfield code="a">reddsssseeees</subfield>
		</datafield>
		<datafield tag="245" ind1=" " ind2=" ">
			<subfield code="a">LANGUAGE TEACHING : LINGUISTIC THEORY IN PRACTICE.</subfield>
            <subfield code="b">CAMBRIDGE INTRODUCTIONS TO LITERATURE.</subfield>
		</datafield>
		<datafield tag="260" ind1=" " ind2=" ">
			<subfield code="a">EDINBURGH</subfield>
			<subfield code="b">EDINBURGH UNIV PRESS</subfield>
			<subfield code="c">2011</subfield>
		</datafield>
		<datafield tag="650" ind1=" " ind2="0">
			<subfield code="a">narsimha</subfield>
			<subfield code="b">reddy</subfield>
			<subfield code="a">reddya</subfield>
		</datafield>
		<datafield tag="650" ind1=" " ind2="0">
			<subfield code="a">narsimha</subfield>
			<subfield code="b">naresh</subfield>
			<subfield code="a">naresha</subfield>
		</datafield>
		<datafield tag="960" ind1=" " ind2=" ">
			<subfield code="a">65</subfield>
		</datafield>
		<datafield tag="980" ind1=" " ind2=" ">
			<subfield code="b">32.00</subfield>
			<subfield code="q">1</subfield>
		</datafield>
		<datafield tag="982" ind1=" " ind2=" ">
			<subfield code="a">99943744781</subfield>
			<subfield code="b">524010</subfield>
			<subfield code="d">Paper</subfield>
			<subfield code="f">CM</subfield>
		</datafield>
		<datafield tag="984" ind1=" " ind2=" ">
			<subfield code="a">20110629</subfield>
			<subfield code="c">US</subfield>
		</datafield>
		<datafield tag="987" ind1=" " ind2=" ">
			<subfield code="a">100552240</subfield>
		</datafield>
	</record>