
	<record>
		<leader>02492cam a2200457 45 0</leader>
		<controlfield tag="001">a246956</controlfield>
		<controlfield tag="003">InU</controlfield>
		<controlfield tag="008">851015m19699999po ah b 001 0       por</controlfield>
		<datafield tag="010" ind1=" " ind2=" ">
			<subfield code="a"> 71245258 //r85</subfield>
		</datafield>
		<datafield tag="035" ind1=" " ind2=" ">
			<subfield code="a">(InU)ACJ8980BB</subfield>
		</datafield>
		<datafield tag="035" ind1=" " ind2=" ">
			<subfield code="a">(OCoLC)ocm04720893</subfield>
		</datafield>
		<datafield tag="040" ind1=" " ind2=" ">
			<subfield code="a">DLC</subfield>
			<subfield code="c">DLC</subfield>
			<subfield code="d">m.c.</subfield>
			<subfield code="d">IUL</subfield>
		</datafield>
		<datafield tag="043" ind1=" " ind2=" ">
			<subfield code="a">e-po---</subfield>
		</datafield>
		<datafield tag="049" ind1=" " ind2=" ">
			<subfield code="a">IULA</subfield>
		</datafield>
		<datafield tag="050" ind1="0" ind2=" ">
			<subfield code="a">N7121</subfield>
			<subfield code="b">.D6</subfield>
		</datafield>
		<datafield tag="082" ind1="0" ind2=" ">
			<subfield code="a">709/.469</subfield>
		</datafield>
		<datafield tag="245" ind1="0" ind2="0">
			<subfield code="a">Documentos para a histria da arte em Portugal.</subfield>
		</datafield>
		<datafield tag="260" ind1="0" ind2=" ">
			<subfield code="a">Lisboa,</subfield>
			<subfield code="b">Fundao Calouste Gulbenkian,</subfield>
			<subfield code="c">1969-&lt;1976 &gt;</subfield>
		</datafield>
		<datafield tag="300" ind1=" " ind2=" ">
			<subfield code="a"> v. in .</subfield>
			<subfield code="b">illus., facsims.</subfield>
			<subfield code="c">30 cm.</subfield>
		</datafield>
		<datafield tag="500" ind1=" " ind2=" ">
			<subfield code="a">Includes unnumbered introductory volume: Documentos para a historia da arte em Portugal : recolha de fontes promovida por iniciativa da Fundao Calouste Gulbenkian ; sob
				orientao de Raul Lino e Lus Silveira.</subfield>
		</datafield>
		<datafield tag="504" ind1=" " ind2=" ">
			<subfield code="a">Includes bibliographical references and indexes.</subfield>
		</datafield>
		<datafield tag="650" ind1=" " ind2="0">
			<subfield code="a">Art, Portuguese</subfield>
			<subfield code="x">History.</subfield>
		</datafield>
		<datafield tag="700" ind1="1" ind2="0">
			<subfield code="a">Lino, Raul,</subfield>
			<subfield code="d">b. 1879.</subfield>
		</datafield>
		<datafield tag="700" ind1="1" ind2="0">
			<subfield code="a">Silveira, Lus,</subfield>
			<subfield code="d">1912-</subfield>
		</datafield>
		<datafield tag="710" ind1="2" ind2="0">
			<subfield code="a">Fundao Calouste Gulbenkian.</subfield>
		</datafield>
		<datafield tag="998" ind1=" " ind2=" ">
			<subfield code="a">3/19/1992</subfield>
			<subfield code="b">3/19/1992</subfield>
			<subfield code="c">3/19/1992</subfield>
		</datafield>
		<datafield tag="596" ind1=" " ind2=" ">
			<subfield code="a">10</subfield>
		</datafield>
		<datafield tag="999" ind1=" " ind2=" ">
			<subfield code="a">N7121 .D637 v.1</subfield>
			<subfield code="w">LC</subfield>
			<subfield code="c">1</subfield>
			<subfield code="i">30000006582476</subfield>
			<subfield code="l">STACKS</subfield>
			<subfield code="m">B-FINEARTS</subfield>
			<subfield code="r">Y</subfield>
			<subfield code="s">Y</subfield>
			<subfield code="t">NORMAL</subfield>
			<subfield code="u">11/5/2000</subfield>
		</datafield>
	</record>
</collection>